@article {moulines-priouret-roueff-2005,
  AUTHOR       = {Moulines, E. and Priouret, P. and Roueff, F.},
  TITLE	       = {On recursive estimation for time varying autoregressive
                  processes},
  JOURNAL      = {Ann. Statist.},
  FJOURNAL     = {The Annals of Statistics},
  VOLUME       = 33,
  YEAR	       = 2005,
  NUMBER       = 6,
  PAGES	       = {2610--2654},
  ISSN	       = {0090-5364},
  CODEN	       = {ASTSC7},
  MRCLASS      = {62M10 (60J27 62G08 62G20)},
  MRNUMBER     = {MR2253097},
  DOI	       = {10.1214/009053605000000624},
  note	       = {available at
                  \href{http://arxiv.org/abs/math/0603047}{[arXiv]}}
}

@article{giraud-roueff-sanchez-aos2015,
  author       = {Giraud , Christophe and Roueff, Fran{\c c}ois and
                  Sanchez-Perez, Andres},
  title	       = {Aggregation of predictors for non stationary sub-linear
                  processes and online adaptive forecasting of time varying
                  autoregressive processes},
  JOURNAL      = {Ann. Statist.},
  FJOURNAL     = {The Annals of Statistics},
  doi	       = {10.1214/15-AOS134},
  url	       = "http://projecteuclid.org/euclid.aos/1444222080",
  volume       = 43,
  number       = 6,
  pages	       = {2412â€“2450},
  year	       = 2015,
  note	       = {Available at \href{http://arxiv.org/abs/1404.6769}{[arXiv]}}
}

@article {Dahlhaus:1996,
    AUTHOR = {Dahlhaus, R.},
     TITLE = {On the {K}ullback-{L}eibler information divergence of locally
              stationary processes},
   JOURNAL = {Stochastic Process. Appl.},
  FJOURNAL = {Stochastic Processes and their Applications},
    VOLUME = {62},
      YEAR = {1996},
    NUMBER = {1},
     PAGES = {139--168},
      ISSN = {0304-4149},
     CODEN = {STOPB7},
   MRCLASS = {60G10 (60G25 62M10)},
  MRNUMBER = {1388767 (98b:60070)},
       DOI = {10.1016/0304-4149(95)00090-9},
       URL = {http://dx.doi.org/10.1016/0304-4149(95)00090-9},
}
